@Book{Triola2017,
  author    = {Mario F. Triola},
  publisher = {LTC},
  title     = {Introdução à Estatística},
  year      = {2017},
  edition   = {12ª},
  isbn      = {978-8521633747},
}

@Book{Magalhaes2015,
  author    = {Marcos Nascimento Magalhães and Antônio Carlos Pedroso De Lima},
  publisher = {Edusp},
  title     = {Noções de Probabilidade e Estatística},
  year      = {2015},
  edition   = {7ª},
  isbn      = {978-8531406775},
  volume    = {1},
}

@Book{Bussab2017,
  author    = {Wilton O. Bussab and Pedro Alberto Morettin},
  publisher = {Saraiva},
  title     = {Estatística Básica},
  year      = {2017},
  edition   = {9ª},
  isbn      = {978-8502207998},
}

@Misc{Jamovi2022,
  author       = {Jamovi},
  howpublished = {Computer Software},
  title        = {The jamovi project},
  year         = {2022},
  url          = {https://www.jamovi.org},
}

@Comment{jabref-meta: databaseType:bibtex;}
